%% This BibTeX bibliography file was created using BibDesk.
%% http://bibdesk.sourceforge.net/


%% Created for Dexter Kozen at 2014-06-08 16:14:59 -0400 


%% Saved with string encoding Unicode (UTF-8) 



@article{MilnerTofte91,
	Author = {Robin Milner and Mads Tofte},
	Date-Added = {2014-06-08 20:13:39 +0000},
	Date-Modified = {2014-06-08 20:14:57 +0000},
	Journal = {Theoretical Computer Science},
	Number = {1},
	Pages = {209-220},
	Title = {Co-induction in relational semantics},
	Volume = {87},
	Year = {1991}}

@book{Barendregt84,
	Author = {H. P. Barendregt},
	Edition = {2nd},
	Publisher = {North-Holland},
	Title = {The Lambda Calculus, Its Syntax and Semantics},
	Year = {1984}}

@inproceedings{Pollack95,
	Author = {Robert Pollack},
	Booktitle = {Proc. De Winterm{\"o}te '95},
	Date-Modified = {2014-01-18 22:09:25 +0000},
	Month = {January},
	Publisher = {Department of Computing Science, Chalmers University, G{\"o}teborg, Sweden},
	Title = {Polishing up the {T}ait--{M}artin-{L\"o}f proof of the {C}hurch--{R}osser theorem},
	Year = {1995}}

@article{Takahashi95,
	Author = {Masako Takahashi},
	Journal = {Information and Computation},
	Month = {April},
	Number = {1},
	Pages = {120--127},
	Title = {Parallel reductions in $\lambda$-calculus (revised version)},
	Volume = {118},
	Year = {1995}}

@book{Gosling05,
	Author = {James Gosling and Bill Joy and Guy L. Steele, Jr. and Gilad Bracha},
	Edition = {3rd},
	Publisher = {Prentice Hall},
	Title = {The Java Language Specification},
	Year = {2005}}

@book{Winskel93,
	Author = {Glynn Winskel},
	Publisher = {MIT Press},
	Title = {The Formal Semantics of Programming Languages},
	Year = {1993}}

@article{Moggi91,
	Author = {Eugenio Moggi},
	Journal = {Information and Computation},
	Number = {1},
	Title = {Notions of Computation and Monads},
	Volume = {93},
	Year = {1991}}

@incollection{Wadler92,
	Author = {Philip Wadler},
	Booktitle = {Marktoberdorf Summer School on Program Design Calculi},
	Editor = {M. Broy},
	Month = {August},
	Publisher = {Springer Verlag},
	Series = {NATO ASI Series F: Computer and systems sciences},
	Title = {Monads for functional programming},
	Volume = {118},
	Year = {1992}}

@book{Pierce02,
	Author = {Benjamin C. Pierce},
	Publisher = {MIT Press},
	Title = {Types and Programming Languages},
	Year = 2002}

@techreport{HopcroftKarp71,
	Author = {John E.~Hopcroft and Richard M.~Karp},
	Institution = {University of California},
	Number = {71-114},
	Title = {A linear algorithm for testing equivalence of finite automata},
	Year = {1971}}

@article{Tarjan75,
	Author = {Robert Endre Tarjan},
	Journal = {J. ACM},
	Number = {2},
	Pages = {215--225},
	Title = {Efficiency of a Good But Not Linear Set Union Algorithm},
	Volume = {22},
	Year = {1975}}

@inproceedings{cyclone,
 author = {Jim, Trevor and Morrisett, J. Greg and Grossman, Dan and Hicks, Michael W. and Cheney, James and Wang, Yanling},
 title = {{Cyclone}: A Safe Dialect of {C}},
 booktitle = {USENIX Annual Technical Conference (ATC)},
 year = {2002},
}

@inproceedings{lineartaste,
 author = {Wadler, Philip},
 title = {A Taste of Linear Logic},
 booktitle = {Mathematical Foundations of Computer Science (MFCS)},
 year = {1993},
}

@article{linear,
 author = {Girard, Jean-Yves},
 title = {Linear Logic},
 journal = {Theoretical Computer Science},
 volume = {50},
 number = {1},
 month = jan,
 year = {1987},
 pages = {1--102},
}

@InProceedings{changetheworld,
  author       = {Philip Wadler},
  title        = {Linear Types Can Change the World},
  booktitle    = {IFIP TC 2 Working Conference on Programming Concepts
		  and Methods},
  year         = 1990,
}

@inproceedings{linregion,
  author    = {Matthew Fluet and
               Greg Morrisett and
               Amal J. Ahmed},
  title     = {Linear Regions Are All You Need},
  booktitle = {European Symposium on Programming (ESOP)},
  year      = {2006},
}

@inproceedings{verdi,
 author = {Wilcox, James R. and Woos, Doug and Panchekha, Pavel and Tatlock, Zachary and Wang, Xi and Ernst, Michael D. and Anderson, Thomas},
 title = {{Verdi}: A Framework for Implementing and Formally Verifying Distributed Systems},
 booktitle = {Programming Language Design and Implementation (PLDI)},
 year = {2015},
}

@article{compcert,
 author = {Leroy, Xavier},
 title = {Formal Verification of a Realistic Compiler},
 journal = {Communications of the ACM},
 volume = {52},
 number = {7},
 month = jul,
 year = {2009},
 pages = {107--115},
}

@inproceedings{raft,
 author = {Ongaro, Diego and Ousterhout, John},
 title = {In Search of an Understandable Consensus Algorithm},
 booktitle = {USENIX Annual Technical Conference (ATC)},
 year = {2014},
}
